<collection xmlns="http://www.loc.gov/MARC21/slim"><record><leader>00892nam  2200265   450</leader><controlfield tag="001">472</controlfield><controlfield tag="003">http://montalegre.opacnet.com/OPAC/default.aspx?ContentAreaControl=ShowRegHoldings.ascx&amp;RegNo=16662</controlfield><datafield tag="021" ind1=" " ind2=" "><subfield code="a">PT</subfield><subfield code="b">24253/88</subfield></datafield><datafield tag="095" ind1=" " ind2=" "><subfield code="a">PTBN00127032</subfield></datafield><datafield tag="100" ind1=" " ind2=" "><subfield code="a">20061013d1989    m  y0pora010305  ba</subfield></datafield><datafield tag="101" ind1="1" ind2=" "><subfield code="a">por</subfield><subfield code="c">ger</subfield></datafield><datafield tag="102" ind1=" " ind2=" "><subfield code="a">PT</subfield></datafield><datafield tag="105" ind1=" " ind2=" "><subfield code="a">y   z   000ay</subfield></datafield><datafield tag="200" ind1="1" ind2=" "><subfield code="a">Ele e o outro</subfield><subfield code="f">Hermann Hesse</subfield><subfield code="g">trad. Manuela de Sousa Marques</subfield><subfield code="g">pref. Delfim Santos</subfield></datafield><datafield tag="205" ind1=" " ind2=" "><subfield code="a">2a ed</subfield></datafield><datafield tag="210" ind1=" " ind2=" "><subfield code="a">Lisboa</subfield><subfield code="c">Guimarães Editores</subfield><subfield code="d">1989</subfield></datafield><datafield tag="215" ind1=" " ind2=" "><subfield code="a">142, [1] p.</subfield><subfield code="d">21 cm</subfield></datafield><datafield tag="225" ind1="2" ind2=" "><subfield code="a">Guimarães formato romance</subfield><subfield code="e">romance</subfield></datafield><datafield tag="304" ind1=" " ind2=" "><subfield code="a">Tít. orig. : Klein und wagner</subfield></datafield><datafield tag="675" ind1=" " ind2=" "><subfield code="a">821</subfield><subfield code="v">BN</subfield><subfield code="z">por</subfield></datafield><datafield tag="700" ind1=" " ind2="1"><subfield code="a">Hesse</subfield><subfield code="b">Hermann</subfield><subfield code="f">1877-1962</subfield></datafield><datafield tag="702" ind1=" " ind2="1"><subfield code="a">Marques</subfield><subfield code="b">Manuela de Sousa</subfield><subfield code="4">730</subfield></datafield><datafield tag="702" ind1=" " ind2="1"><subfield code="a">Santos</subfield><subfield code="b">Delfim</subfield><subfield code="f">1907-196</subfield><subfield code="4">080</subfield></datafield><datafield tag="801" ind1=" " ind2="0"><subfield code="a">PT</subfield><subfield code="b">Biblioteca Municipal de Montalegre</subfield><subfield code="g">RPC</subfield></datafield><datafield tag="856" ind1=" " ind2=" "><subfield code="u">locateMedia.asp?cod=20060517143307&amp;ext=jpg</subfield><subfield code="z">CAPA</subfield></datafield><datafield tag="909" ind1="&#9;" ind2=" "><subfield code="a">1</subfield></datafield><datafield tag="966" ind1=" " ind2=" "><subfield code="a">0008757</subfield><subfield code="l">BMM</subfield><subfield code="s">SCG 821 HES ele</subfield></datafield></record></collection>